<record><leader>00000cas a22000007a 4500</leader><controlfield tag="001">11963637</controlfield><controlfield tag="008">850425d18961976wiuwr ne      0    0eng d</controlfield><datafield ind1=" " ind2=" " tag="010"><subfield code="a">sn 85040437 </subfield></datafield><datafield ind1=" " ind2=" " tag="040"><subfield code="a">NPV</subfield><subfield code="b">eng</subfield><subfield code="c">NPV</subfield><subfield code="d">OCLCQ</subfield></datafield><datafield ind1=" " ind2=" " tag="042"><subfield code="a">msc</subfield></datafield><datafield ind1=" " ind2=" " tag="045"><subfield code="a">w9x7</subfield></datafield><datafield ind1=" " ind2=" " tag="052"><subfield code="a">4123</subfield><subfield code="b">B4</subfield></datafield><datafield ind1="0" ind2=" " tag="130"><subfield code="a">Washburn times (Washburn, Wis. : 1896)</subfield></datafield><datafield ind1="1" ind2="4" tag="245"><subfield code="a">The Washburn times.</subfield></datafield><datafield ind1=" " ind2=" " tag="260"><subfield code="a">Washburn, Wis. :</subfield><subfield code="b">J.E. Jones,</subfield><subfield code="c">1896-1976.</subfield></datafield><datafield ind1=" " ind2=" " tag="300"><subfield code="a">79 v. :</subfield><subfield code="b">ill.</subfield></datafield><datafield ind1=" " ind2=" " tag="310"><subfield code="a">Weekly</subfield></datafield><datafield ind1="0" ind2=" " tag="362"><subfield code="a">Vol. 5, no. 43 (Dec. 16, 1896)-v. 83, no. 4 (May 13, 1976).</subfield></datafield><datafield ind1=" " ind2=" " tag="500"><subfield code="a">Publisher varies.</subfield></datafield><datafield ind1=" " ind2=" " tag="500"><subfield code="a">Editors: J.E. Jones, April 11, 1901-Sept. 28, 1905; N.M. Oscar, Oct. 5, 1905-Aug. 11, 1910; G.E. Plant, Aug. 18-Oct 20, 1910; W.A. Robinson, Oct. 27, 1910-Oct. 3, 1929; C.M. Sheridan, March 26, 1942-Sept. 25, 1947; P.L. Robinson, Feb. 3, 1949-Feb. 27, 1969; E.J. Korpela, April 17, 1969-May 13, 1976.</subfield></datafield><datafield ind1=" " ind2=" " tag="525"><subfield code="a">Supplements accompany some issues.</subfield></datafield><datafield ind1=" " ind2=" " tag="530"><subfield code="a">Available on microfilm from The State Historical Society of Wisconsin.</subfield></datafield><datafield ind1=" " ind2=" " tag="580"><subfield code="a">Absorbed: Washburn news, July 10, 1924.</subfield></datafield><datafield ind1=" " ind2=" " tag="752"><subfield code="a">United States</subfield><subfield code="b">Wisconsin</subfield><subfield code="c">Bayfield</subfield><subfield code="d">Washburn.</subfield></datafield><datafield ind1="0" ind2="0" tag="780"><subfield code="t">Times (Washburn, Wis.)</subfield><subfield code="w">(DLC)sn 85040438</subfield></datafield><datafield ind1="1" ind2="5" tag="780"><subfield code="t">Washburn news (Washburn, Wis. : 1915)</subfield><subfield code="w">(DLC)sn 85040426</subfield></datafield><datafield ind1="0" ind2="7" tag="785"><subfield code="t">Bayfield County press</subfield></datafield><datafield ind1="0" ind2="7" tag="785"><subfield code="t">Washburn-Bayfield County times</subfield><subfield code="w">(DLC)sn 85040436</subfield></datafield><datafield ind1="1" ind2=" " tag="029"><subfield code="a">AU@</subfield><subfield code="b">000025800818</subfield></datafield></record>